% bmc_article.bib
%
%  An example of bibtex entries.
%  Entries taken from BMC instructions for authors page.

% uncomment next line to make author-year bibliography
% @settings{label, options="nameyear"}

% Article within a journal
@article{Katoh:2013hm,
author = {Katoh, Kazutaka and Standley, Daron M},
title = {{MAFFT multiple sequence alignment software version 7: improvements in performance and usability.}},
journal = {Molecular biology and evolution},
year = {2013},
volume = {30},
number = {4},
pages = {772--780},
month = apr
}

@article{Sonnhammer:2002vm,
author = {Sonnhammer, Erik L L and Koonin, Eugene V},
title = {{Orthology, paralogy and proposed classification for paralog subtypes.}},
journal = {Trends in genetics},
year = {2002},
volume = {18},
number = {12},
pages = {619--620},
month = dec
}

@article{Tekaia:2016ga,
author = {Tekaia, Fredj},
title = {{Inferring Orthologs: Open Questions and Perspectives}},
journal = {Genomics insights},
year = {2016},
volume = {9},
pages = {17--28}
}

@article{vanderHeijden:2007bo,
author = {van der Heijden, Ren{\'e} TJM and Snel, Berend and van Noort, Vera and Huynen, Martijn A},
title = {{Orthology prediction at scalable resolution by phylogenetic tree analysis}},
journal = {BMC bioinformatics},
year = {2007},
volume = {8},
number = {1},
pages = {83},
month = mar
}

@article{Vilella:2009ju,
author = {Vilella, Albert J and Severin, Jessica and Ureta-Vidal, Abel and Heng, Li and Durbin, Richard and Birney, Ewan},
title = {{EnsemblCompara GeneTrees: Complete, duplication-aware phylogenetic trees in vertebrates.}},
journal = {Genome research},
year = {2009},
volume = {19},
number = {2},
pages = {327--335},
month = feb
}

@article{Wapinski:2007fa,
author = {Wapinski, Ilan and Pfeffer, Avi and Friedman, Nir and Regev, Aviv},
title = {{Automatic genome-wide reconstruction of phylogenetic gene trees.}},
journal = {Bioinformatics},
year = {2007},
volume = {23},
number = {13},
pages = {i549--58},
month = jul
}

